% Optional fields: volume, number, pages, month, note
@ARTICLE{canmp,
	author = {A. Roth},
	title = {The College Admissions Problem Is Not Equivalent to the Marriage Problem},
	journal = {Journal of Economic Theory},
	year = {1985}, 
	volume = {36},
	pages = {277-288}
}
@ARTICLE{partial,
	author = {A. Roth, U. Rothblum, and J. Vande Vate},
	title = {Stable Matchings, Optimal Assignments, and Linear Programming},
	journal = {Mathematics of Operations Research},
	year = {1993},
	volume = {18},
	number = {4},
	month = {November}
}

@ARTICLE{incentives,
	author = {A. Roth},
	title = {The Economics of Matching: Stability and Incentives},
	journal = {Mathematics of Operations Research},
	year = {1982},
	volume = {7},
	number = {4},
	month = {November}
}

% Optional fields: volume, number, pages, month, note
@ARTICLE{gale_shapely,
	author = {D. Gale and L. S. Shapley},
	title = {College Admissions and the Stability of Marriage},
	journal = {The American Mathematical Monthly},
	year = {1962},
	volume = {69},
	month = {January},
	pages = {9-15}
}

% Optional fields: volume, number, pages, month, note
@ARTICLE{online,
	author = {S. Khuller, S. Mitchell, and V. Vazirani},
	title = {On-line Algorithms for Weighted Bipartite Matching and Stable Marriages},
	journal = {Theoretical Computer Science},
	year = {Year},
	volume = {127},
	month = {May},
	pages = {255-267}
}

% Optional fields: volume, number, pages, month, note
@ARTICLE{indifference,
	author = {R. Irving},
	title = {Stable Marriage and Indifference},
	journal = {Discrete Applied Mathematics},
	year = {1994},
	volume = {48}, 
	pages = {261-272}
}

% Optional fields: volume, number, pages, month, note
@ARTICLE{game,
	author = {A. Roth},
	title = {Conflict and Coincidence of Interest in Job Matching: Some New Results and Open Questions},
	journal = {Mathematics of Operations Research},
	year = {1985},
	volume = {10},
	number = {3},
	month = {August}
}

% Optional fields: type, number, address, month, note
@TECHREPORT{2001_Mandler,
	author = {M. Mandler},
	title = {Compromises between Cardinality and Ordinality in Preference Theory and Social Choice},
	institution = {Cowles Foundation for Research in Economics},
	year = {2001},
	month = {August},
	type = {Discussion Paper},
	address = {Yale University Box 208281, New Haven, Connecticut 06520-8281},
	note = {Discussion Paper No. 1322}
}

% Optional fields: type, number, address, month, note
@TECHREPORT{2006_Atila,
	author = {A. Abdulkadiroglu, A. Roth, P. Pathak, and T, Sonmez},
	title = {Changing the Boston School Choice Mechanism},
	institution = {Boston Public Schools},
	year = {2006},
	month = {January}
}

% Optional fields: month, year
@UNPUBLISHED{2009_Board,
	author = {S. Board},
	title = {Preference and Utility},
	note = {UCLA, Department of Economics},
	month = {October},
	year = {2009}
}

% Optional fields: volume, number, pages, month, note
@ARTICLE{2013_Budish,
	author = {E. Budish, Y. Che, F. Kojima, P. Milgrom},
	title = {Designing Random Allocation Mechanisms: Theory and Applications},
	journal = {American Economic Review},
	year = {2013},
	volume = {103},
	number = {2},
	pages = {585-623},
	note = {\url{http://dx.doi.org/10.1257/aer.103.2.585}}
}

% Optional fields: month, year
@UNPUBLISHED{2013_Glaeser,
	author = {E. Glaeser, S. Poftak, and K. Tobio},
	title = {What Do Parents Want? An Exploration of School Preferences expressed by Boston Parents},
	note = {Harvard Kennedy School Faculty Research Working Paper Series},
	month = {July},
	year = {2013}
}

% Optional fields: type, number, address, month, note
@TECHREPORT{2013_Nathanson,
	author = {L. Nathanson, S. Corcoran, and C. Baker-Smith},
	title = {High School Choice in New York City: A Report on the School Choices and Placements of Low-Achieving Students},
	institution = {NYU Institute for Education and Social Policy},
	year = {2013},
	month = {April}
}

% Optional fields: month, year
@UNPUBLISHED{2017_Carroll,
	author = {G. Carroll},
	title = {On Mechanisms Eliciting Ordinal Preferences},
	note = {Stanford University, Department of Economics},
	month = {December},
	year = {2017}
}

% Optional fields: month, year
@UNPUBLISHED{2017_Chiu,
	author = {W. Chiu},
	title = {An Ordinal Theory of Risk Aversion},
	note = {University of Manchester},
	month = {January},
	year = {2017}
}

